[gd_scene load_steps=14 format=2]

[ext_resource path="res://Scenes/Maps/Map1.tscn" type="PackedScene" id=1]
[ext_resource path="res://Assets/UI/Buttons/blue_button12.png" type="Texture" id=2]
[ext_resource path="res://Assets/Towers/towerDefense_tile249.png" type="Texture" id=3]
[ext_resource path="res://Assets/Towers/towerDefense_tile251.png" type="Texture" id=4]
[ext_resource path="res://Scenes/MainScenes/GameScene.gd" type="Script" id=5]
[ext_resource path="res://Scenes/MainScenes/UI.gd" type="Script" id=6]
[ext_resource path="res://Assets/Icons/pause.png" type="Texture" id=7]
[ext_resource path="res://Assets/Icons/fastForward.png" type="Texture" id=8]
[ext_resource path="res://Assets/Icons/right.png" type="Texture" id=9]
[ext_resource path="res://Assets/UI/HPbar.jpg" type="Texture" id=10]
[ext_resource path="res://Assets/Icons/home.png" type="Texture" id=11]
[ext_resource path="res://Assets/Fonts/Kenney Future Narrow.ttf" type="DynamicFontData" id=12]

[sub_resource type="DynamicFont" id=1]
size = 50
outline_size = 3
outline_color = Color( 0, 0, 0, 0.294118 )
font_data = ExtResource( 12 )

[node name="GameScene" type="Node2D"]
script = ExtResource( 5 )

[node name="Map1" parent="." instance=ExtResource( 1 )]

[node name="UI" type="CanvasLayer" parent="."]
script = ExtResource( 6 )

[node name="HUD" type="Control" parent="UI"]
anchor_right = 1.0
anchor_bottom = 1.0
mouse_filter = 2

[node name="BuildBar" type="VBoxContainer" parent="UI/HUD"]
anchor_top = 1.0
anchor_bottom = 1.0
margin_top = -400.0
margin_right = 100.0
rect_min_size = Vector2( 100, 400 )
mouse_filter = 0
custom_constants/separation = 20

[node name="GunT1" type="TextureButton" parent="UI/HUD/BuildBar" groups=["build_buttons"]]
margin_left = 10.0
margin_right = 90.0
margin_bottom = 80.0
rect_min_size = Vector2( 80, 80 )
size_flags_horizontal = 4
size_flags_vertical = 4
texture_normal = ExtResource( 2 )
expand = true

[node name="Icon" type="TextureRect" parent="UI/HUD/BuildBar/GunT1"]
anchor_right = 1.0
anchor_bottom = 1.0
margin_left = 10.0
margin_top = 10.0
margin_right = -10.0
margin_bottom = -10.0
texture = ExtResource( 3 )
expand = true

[node name="MissileT1" type="TextureButton" parent="UI/HUD/BuildBar" groups=["build_buttons"]]
margin_left = 10.0
margin_top = 100.0
margin_right = 90.0
margin_bottom = 180.0
rect_min_size = Vector2( 80, 80 )
size_flags_horizontal = 4
size_flags_vertical = 4
texture_normal = ExtResource( 2 )
expand = true

[node name="Icon" type="TextureRect" parent="UI/HUD/BuildBar/MissileT1"]
anchor_right = 1.0
anchor_bottom = 1.0
margin_left = 10.0
margin_top = 10.0
margin_right = -10.0
margin_bottom = -10.0
texture = ExtResource( 4 )
expand = true

[node name="GameControls" type="HBoxContainer" parent="UI/HUD"]
anchor_left = 1.0
anchor_top = 1.0
anchor_right = 1.0
anchor_bottom = 1.0
margin_left = -164.0
margin_top = -90.0
margin_right = -20.0
margin_bottom = -20.0

[node name="PausePlay" type="TextureButton" parent="UI/HUD/GameControls"]
pause_mode = 2
margin_right = 70.0
margin_bottom = 70.0
rect_min_size = Vector2( 70, 70 )
size_flags_horizontal = 4
size_flags_vertical = 4
toggle_mode = true
texture_normal = ExtResource( 9 )
texture_pressed = ExtResource( 7 )
expand = true

[node name="SpeedUp" type="TextureButton" parent="UI/HUD/GameControls"]
margin_left = 74.0
margin_right = 144.0
margin_bottom = 70.0
rect_min_size = Vector2( 70, 70 )
size_flags_horizontal = 4
size_flags_vertical = 4
texture_normal = ExtResource( 8 )
expand = true

[node name="InfoBar" type="ColorRect" parent="UI/HUD"]
self_modulate = Color( 0, 0, 0, 0.470588 )
anchor_right = 1.0
rect_min_size = Vector2( 0, 60 )

[node name="H" type="HBoxContainer" parent="UI/HUD/InfoBar"]
anchor_right = 1.0
anchor_bottom = 1.0

[node name="Symbol" type="Label" parent="UI/HUD/InfoBar/H"]
margin_right = 120.0
margin_bottom = 60.0
rect_min_size = Vector2( 120, 60 )
custom_colors/font_color_shadow = Color( 0, 0, 0, 0.470588 )
custom_fonts/font = SubResource( 1 )
text = "$"
align = 2
valign = 1

[node name="Money" type="Label" parent="UI/HUD/InfoBar/H"]
margin_left = 124.0
margin_right = 299.0
margin_bottom = 60.0
rect_min_size = Vector2( 120, 60 )
custom_colors/font_color_shadow = Color( 0, 0, 0, 0.470588 )
custom_fonts/font = SubResource( 1 )
text = "99999"
align = 2
valign = 1

[node name="Icon" type="TextureRect" parent="UI/HUD/InfoBar/H"]
margin_left = 742.0
margin_right = 802.0
margin_bottom = 60.0
rect_min_size = Vector2( 60, 60 )
size_flags_horizontal = 10
texture = ExtResource( 11 )
expand = true

[node name="HP" type="TextureProgress" parent="UI/HUD/InfoBar/H"]
margin_left = 806.0
margin_top = 5.0
margin_right = 1206.0
margin_bottom = 55.0
rect_min_size = Vector2( 400, 50 )
size_flags_vertical = 4
value = 50.0
texture_under = ExtResource( 10 )
texture_progress = ExtResource( 10 )
tint_under = Color( 0.32549, 0.32549, 0.32549, 1 )
tint_progress = Color( 0, 1, 0.145098, 1 )
nine_patch_stretch = true

[node name="Tween" type="Tween" parent="UI/HUD/InfoBar/H/HP"]

[node name="Control" type="Control" parent="UI/HUD/InfoBar/H"]
margin_left = 1210.0
margin_right = 1280.0
margin_bottom = 60.0
rect_min_size = Vector2( 70, 0 )

[connection signal="pressed" from="UI/HUD/GameControls/PausePlay" to="UI" method="_on_PausePlay_pressed"]
[connection signal="pressed" from="UI/HUD/GameControls/SpeedUp" to="UI" method="_on_SpeedUp_pressed"]
